%YAML 1.1
%TAG !u! tag:unity3d.com,2011:
--- !u!29 &1
OcclusionCullingSettings:
  m_ObjectHideFlags: 0
  serializedVersion: 2
  m_OcclusionBakeSettings:
    smallestOccluder: 5
    smallestHole: 0.25
    backfaceThreshold: 100
  m_SceneGUID: 00000000000000000000000000000000
  m_OcclusionCullingData: {fileID: 0}
--- !u!104 &2
RenderSettings:
  m_ObjectHideFlags: 0
  serializedVersion: 9
  m_Fog: 0
  m_FogColor: {r: 0.5, g: 0.5, b: 0.5, a: 1}
  m_FogMode: 3
  m_FogDensity: 0.01
  m_LinearFogStart: 0
  m_LinearFogEnd: 300
  m_AmbientSkyColor: {r: 0.212, g: 0.227, b: 0.259, a: 1}
  m_AmbientEquatorColor: {r: 0.114, g: 0.125, b: 0.133, a: 1}
  m_AmbientGroundColor: {r: 0.047, g: 0.043, b: 0.035, a: 1}
  m_AmbientIntensity: 0.5
  m_AmbientMode: 0
  m_SubtractiveShadowColor: {r: 0.42, g: 0.478, b: 0.627, a: 1}
  m_SkyboxMaterial: {fileID: 10304, guid: 0000000000000000f000000000000000, type: 0}
  m_HaloStrength: 0.5
  m_FlareStrength: 1
  m_FlareFadeSpeed: 3
  m_HaloTexture: {fileID: 0}
  m_SpotCookie: {fileID: 10001, guid: 0000000000000000e000000000000000, type: 0}
  m_DefaultReflectionMode: 0
  m_DefaultReflectionResolution: 128
  m_ReflectionBounces: 1
  m_ReflectionIntensity: 0.3
  m_CustomReflection: {fileID: 0}
  m_Sun: {fileID: 705507994}
  m_IndirectSpecularColor: {r: 0.24713978, g: 0.27704605, b: 0.32516783, a: 0.3}
  m_UseRadianceAmbientProbe: 0
--- !u!157 &3
LightmapSettings:
  m_ObjectHideFlags: 0
  serializedVersion: 11
  m_GIWorkflowMode: 0
  m_GISettings:
    serializedVersion: 2
    m_BounceScale: 1
    m_IndirectOutputScale: 1
    m_AlbedoBoost: 1
    m_EnvironmentLightingMode: 0
    m_EnableBakedLightmaps: 1
    m_EnableRealtimeLightmaps: 1
  m_LightmapEditorSettings:
    serializedVersion: 12
    m_Resolution: 2
    m_BakeResolution: 40
    m_AtlasSize: 1024
    m_AO: 0
    m_AOMaxDistance: 1
    m_CompAOExponent: 1
    m_CompAOExponentDirect: 0
    m_ExtractAmbientOcclusion: 0
    m_Padding: 2
    m_LightmapParameters: {fileID: 0}
    m_LightmapsBakeMode: 1
    m_TextureCompression: 1
    m_FinalGather: 0
    m_FinalGatherFiltering: 1
    m_FinalGatherRayCount: 256
    m_ReflectionCompression: 2
    m_MixedBakeMode: 2
    m_BakeBackend: 1
    m_PVRSampling: 1
    m_PVRDirectSampleCount: 32
    m_PVRSampleCount: 500
    m_PVRBounces: 2
    m_PVREnvironmentSampleCount: 500
    m_PVREnvironmentReferencePointCount: 2048
    m_PVRFilteringMode: 2
    m_PVRDenoiserTypeDirect: 0
    m_PVRDenoiserTypeIndirect: 0
    m_PVRDenoiserTypeAO: 0
    m_PVRFilterTypeDirect: 0
    m_PVRFilterTypeIndirect: 0
    m_PVRFilterTypeAO: 0
    m_PVREnvironmentMIS: 0
    m_PVRCulling: 1
    m_PVRFilteringGaussRadiusDirect: 1
    m_PVRFilteringGaussRadiusIndirect: 5
    m_PVRFilteringGaussRadiusAO: 2
    m_PVRFilteringAtrousPositionSigmaDirect: 0.5
    m_PVRFilteringAtrousPositionSigmaIndirect: 2
    m_PVRFilteringAtrousPositionSigmaAO: 1
    m_ShowResolutionOverlay: 1
    m_ExportTrainingData: 0
  m_LightingDataAsset: {fileID: 0}
  m_UseShadowmask: 1
--- !u!196 &4
NavMeshSettings:
  serializedVersion: 2
  m_ObjectHideFlags: 0
  m_BuildSettings:
    serializedVersion: 2
    agentTypeID: 0
    agentRadius: 0.5
    agentHeight: 2
    agentSlope: 45
    agentClimb: 0.4
    ledgeDropHeight: 0
    maxJumpAcrossDistance: 0
    minRegionArea: 2
    manualCellSize: 0
    cellSize: 0.16666667
    manualTileSize: 0
    tileSize: 256
    accuratePlacement: 0
    debug:
      m_Flags: 0
  m_NavMeshData: {fileID: 0}
--- !u!4 &126685443 stripped
Transform:
  m_CorrespondingSourceObject: {fileID: 3878320461368058390, guid: e60a00d9c4c4a2b40bb2390d73a1036c,
    type: 3}
  m_PrefabInstance: {fileID: 281987760}
  m_PrefabAsset: {fileID: 0}
--- !u!1001 &146015760
PrefabInstance:
  m_ObjectHideFlags: 0
  serializedVersion: 2
  m_Modification:
    m_TransformParent: {fileID: 1675815690}
    m_Modifications:
    - target: {fileID: 3878320461368058386, guid: e60a00d9c4c4a2b40bb2390d73a1036c,
        type: 3}
      propertyPath: m_Name
      value: Obstacle (8)
      objectReference: {fileID: 0}
    - target: {fileID: 3878320461368058390, guid: e60a00d9c4c4a2b40bb2390d73a1036c,
        type: 3}
      propertyPath: m_LocalPosition.x
      value: 19.13
      objectReference: {fileID: 0}
    - target: {fileID: 3878320461368058390, guid: e60a00d9c4c4a2b40bb2390d73a1036c,
        type: 3}
      propertyPath: m_LocalPosition.y
      value: 0.92
      objectReference: {fileID: 0}
    - target: {fileID: 3878320461368058390, guid: e60a00d9c4c4a2b40bb2390d73a1036c,
        type: 3}
      propertyPath: m_LocalPosition.z
      value: 0
      objectReference: {fileID: 0}
    - target: {fileID: 3878320461368058390, guid: e60a00d9c4c4a2b40bb2390d73a1036c,
        type: 3}
      propertyPath: m_LocalRotation.x
      value: -0
      objectReference: {fileID: 0}
    - target: {fileID: 3878320461368058390, guid: e60a00d9c4c4a2b40bb2390d73a1036c,
        type: 3}
      propertyPath: m_LocalRotation.y
      value: -0
      objectReference: {fileID: 0}
    - target: {fileID: 3878320461368058390, guid: e60a00d9c4c4a2b40bb2390d73a1036c,
        type: 3}
      propertyPath: m_LocalRotation.z
      value: -0.7427882
      objectReference: {fileID: 0}
    - target: {fileID: 3878320461368058390, guid: e60a00d9c4c4a2b40bb2390d73a1036c,
        type: 3}
      propertyPath: m_LocalRotation.w
      value: 0.66952646
      objectReference: {fileID: 0}
    - target: {fileID: 3878320461368058390, guid: e60a00d9c4c4a2b40bb2390d73a1036c,
        type: 3}
      propertyPath: m_RootOrder
      value: 7
      objectReference: {fileID: 0}
    - target: {fileID: 3878320461368058390, guid: e60a00d9c4c4a2b40bb2390d73a1036c,
        type: 3}
      propertyPath: m_LocalEulerAnglesHint.x
      value: 0
      objectReference: {fileID: 0}
    - target: {fileID: 3878320461368058390, guid: e60a00d9c4c4a2b40bb2390d73a1036c,
        type: 3}
      propertyPath: m_LocalEulerAnglesHint.y
      value: 0
      objectReference: {fileID: 0}
    - target: {fileID: 3878320461368058390, guid: e60a00d9c4c4a2b40bb2390d73a1036c,
        type: 3}
      propertyPath: m_LocalEulerAnglesHint.z
      value: -95.939
      objectReference: {fileID: 0}
    - target: {fileID: 3878320461368058390, guid: e60a00d9c4c4a2b40bb2390d73a1036c,
        type: 3}
      propertyPath: m_LocalScale.x
      value: 1.75268
      objectReference: {fileID: 0}
    - target: {fileID: 3878320461368058390, guid: e60a00d9c4c4a2b40bb2390d73a1036c,
        type: 3}
      propertyPath: m_LocalScale.y
      value: 18.24525
      objectReference: {fileID: 0}
    - target: {fileID: 3878320461368058388, guid: e60a00d9c4c4a2b40bb2390d73a1036c,
        type: 3}
      propertyPath: m_Materials.Array.data[0]
      value: 
      objectReference: {fileID: 2100000, guid: df9509109a0cfcb4a95728b753336457, type: 2}
    m_RemovedComponents: []
  m_SourcePrefab: {fileID: 100100000, guid: e60a00d9c4c4a2b40bb2390d73a1036c, type: 3}
--- !u!1001 &231278567
PrefabInstance:
  m_ObjectHideFlags: 0
  serializedVersion: 2
  m_Modification:
    m_TransformParent: {fileID: 1675815690}
    m_Modifications:
    - target: {fileID: 3878320461368058386, guid: e60a00d9c4c4a2b40bb2390d73a1036c,
        type: 3}
      propertyPath: m_Name
      value: Obstacle (12)
      objectReference: {fileID: 0}
    - target: {fileID: 3878320461368058390, guid: e60a00d9c4c4a2b40bb2390d73a1036c,
        type: 3}
      propertyPath: m_LocalPosition.x
      value: 36.02
      objectReference: {fileID: 0}
    - target: {fileID: 3878320461368058390, guid: e60a00d9c4c4a2b40bb2390d73a1036c,
        type: 3}
      propertyPath: m_LocalPosition.y
      value: 2.49
      objectReference: {fileID: 0}
    - target: {fileID: 3878320461368058390, guid: e60a00d9c4c4a2b40bb2390d73a1036c,
        type: 3}
      propertyPath: m_LocalPosition.z
      value: 0
      objectReference: {fileID: 0}
    - target: {fileID: 3878320461368058390, guid: e60a00d9c4c4a2b40bb2390d73a1036c,
        type: 3}
      propertyPath: m_LocalRotation.x
      value: -0
      objectReference: {fileID: 0}
    - target: {fileID: 3878320461368058390, guid: e60a00d9c4c4a2b40bb2390d73a1036c,
        type: 3}
      propertyPath: m_LocalRotation.y
      value: -0
      objectReference: {fileID: 0}
    - target: {fileID: 3878320461368058390, guid: e60a00d9c4c4a2b40bb2390d73a1036c,
        type: 3}
      propertyPath: m_LocalRotation.z
      value: -0.79719996
      objectReference: {fileID: 0}
    - target: {fileID: 3878320461368058390, guid: e60a00d9c4c4a2b40bb2390d73a1036c,
        type: 3}
      propertyPath: m_LocalRotation.w
      value: -0.6037153
      objectReference: {fileID: 0}
    - target: {fileID: 3878320461368058390, guid: e60a00d9c4c4a2b40bb2390d73a1036c,
        type: 3}
      propertyPath: m_RootOrder
      value: 11
      objectReference: {fileID: 0}
    - target: {fileID: 3878320461368058390, guid: e60a00d9c4c4a2b40bb2390d73a1036c,
        type: 3}
      propertyPath: m_LocalEulerAnglesHint.x
      value: 0
      objectReference: {fileID: 0}
    - target: {fileID: 3878320461368058390, guid: e60a00d9c4c4a2b40bb2390d73a1036c,
        type: 3}
      propertyPath: m_LocalEulerAnglesHint.y
      value: 0
      objectReference: {fileID: 0}
    - target: {fileID: 3878320461368058390, guid: e60a00d9c4c4a2b40bb2390d73a1036c,
        type: 3}
      propertyPath: m_LocalEulerAnglesHint.z
      value: -254.273
      objectReference: {fileID: 0}
    - target: {fileID: 3878320461368058390, guid: e60a00d9c4c4a2b40bb2390d73a1036c,
        type: 3}
      propertyPath: m_LocalScale.x
      value: 1.2205936
      objectReference: {fileID: 0}
    - target: {fileID: 3878320461368058390, guid: e60a00d9c4c4a2b40bb2390d73a1036c,
        type: 3}
      propertyPath: m_LocalScale.y
      value: 20.060814
      objectReference: {fileID: 0}
    - target: {fileID: 3878320461368058388, guid: e60a00d9c4c4a2b40bb2390d73a1036c,
        type: 3}
      propertyPath: m_Materials.Array.data[0]
      value: 
      objectReference: {fileID: 2100000, guid: df9509109a0cfcb4a95728b753336457, type: 2}
    m_RemovedComponents: []
  m_SourcePrefab: {fileID: 100100000, guid: e60a00d9c4c4a2b40bb2390d73a1036c, type: 3}
--- !u!1001 &281987760
PrefabInstance:
  m_ObjectHideFlags: 0
  serializedVersion: 2
  m_Modification:
    m_TransformParent: {fileID: 1675815690}
    m_Modifications:
    - target: {fileID: 3878320461368058386, guid: e60a00d9c4c4a2b40bb2390d73a1036c,
        type: 3}
      propertyPath: m_Name
      value: Obstacle (2)
      objectReference: {fileID: 0}
    - target: {fileID: 3878320461368058390, guid: e60a00d9c4c4a2b40bb2390d73a1036c,
        type: 3}
      propertyPath: m_LocalPosition.x
      value: 24.43
      objectReference: {fileID: 0}
    - target: {fileID: 3878320461368058390, guid: e60a00d9c4c4a2b40bb2390d73a1036c,
        type: 3}
      propertyPath: m_LocalPosition.y
      value: 9.62
      objectReference: {fileID: 0}
    - target: {fileID: 3878320461368058390, guid: e60a00d9c4c4a2b40bb2390d73a1036c,
        type: 3}
      propertyPath: m_LocalPosition.z
      value: 0
      objectReference: {fileID: 0}
    - target: {fileID: 3878320461368058390, guid: e60a00d9c4c4a2b40bb2390d73a1036c,
        type: 3}
      propertyPath: m_LocalRotation.x
      value: -0
      objectReference: {fileID: 0}
    - target: {fileID: 3878320461368058390, guid: e60a00d9c4c4a2b40bb2390d73a1036c,
        type: 3}
      propertyPath: m_LocalRotation.y
      value: -0
      objectReference: {fileID: 0}
    - target: {fileID: 3878320461368058390, guid: e60a00d9c4c4a2b40bb2390d73a1036c,
        type: 3}
      propertyPath: m_LocalRotation.z
      value: -0
      objectReference: {fileID: 0}
    - target: {fileID: 3878320461368058390, guid: e60a00d9c4c4a2b40bb2390d73a1036c,
        type: 3}
      propertyPath: m_LocalRotation.w
      value: 1
      objectReference: {fileID: 0}
    - target: {fileID: 3878320461368058390, guid: e60a00d9c4c4a2b40bb2390d73a1036c,
        type: 3}
      propertyPath: m_RootOrder
      value: 1
      objectReference: {fileID: 0}
    - target: {fileID: 3878320461368058390, guid: e60a00d9c4c4a2b40bb2390d73a1036c,
        type: 3}
      propertyPath: m_LocalEulerAnglesHint.x
      value: 0
      objectReference: {fileID: 0}
    - target: {fileID: 3878320461368058390, guid: e60a00d9c4c4a2b40bb2390d73a1036c,
        type: 3}
      propertyPath: m_LocalEulerAnglesHint.y
      value: 0
      objectReference: {fileID: 0}
    - target: {fileID: 3878320461368058390, guid: e60a00d9c4c4a2b40bb2390d73a1036c,
        type: 3}
      propertyPath: m_LocalEulerAnglesHint.z
      value: 0
      objectReference: {fileID: 0}
    - target: {fileID: 3878320461368058390, guid: e60a00d9c4c4a2b40bb2390d73a1036c,
        type: 3}
      propertyPath: m_LocalScale.x
      value: 3.0713506
      objectReference: {fileID: 0}
    - target: {fileID: 3878320461368058390, guid: e60a00d9c4c4a2b40bb2390d73a1036c,
        type: 3}
      propertyPath: m_LocalScale.y
      value: 18.470636
      objectReference: {fileID: 0}
    - target: {fileID: 3878320461368058388, guid: e60a00d9c4c4a2b40bb2390d73a1036c,
        type: 3}
      propertyPath: m_Materials.Array.data[0]
      value: 
      objectReference: {fileID: 2100000, guid: df9509109a0cfcb4a95728b753336457, type: 2}
    m_RemovedComponents: []
  m_SourcePrefab: {fileID: 100100000, guid: e60a00d9c4c4a2b40bb2390d73a1036c, type: 3}
--- !u!1 &380009589 stripped
GameObject:
  m_CorrespondingSourceObject: {fileID: 3878320461368058386, guid: e60a00d9c4c4a2b40bb2390d73a1036c,
    type: 3}
  m_PrefabInstance: {fileID: 281987760}
  m_PrefabAsset: {fileID: 0}
--- !u!114 &380009590
MonoBehaviour:
  m_ObjectHideFlags: 0
  m_CorrespondingSourceObject: {fileID: 0}
  m_PrefabInstance: {fileID: 0}
  m_PrefabAsset: {fileID: 0}
  m_GameObject: {fileID: 380009589}
  m_Enabled: 1
  m_EditorHideFlags: 0
  m_Script: {fileID: 11500000, guid: 05b9d95c5ad631f4eb0d1c8c57c8d523, type: 3}
  m_Name: 
  m_EditorClassIdentifier: 
  movementVector: {x: 0, y: 0, z: 5}
  period: 2
--- !u!1001 &649587804
PrefabInstance:
  m_ObjectHideFlags: 0
  serializedVersion: 2
  m_Modification:
    m_TransformParent: {fileID: 1675815690}
    m_Modifications:
    - target: {fileID: 3878320461368058386, guid: e60a00d9c4c4a2b40bb2390d73a1036c,
        type: 3}
      propertyPath: m_Name
      value: Obstacle (13)
      objectReference: {fileID: 0}
    - target: {fileID: 3878320461368058390, guid: e60a00d9c4c4a2b40bb2390d73a1036c,
        type: 3}
      propertyPath: m_LocalPosition.x
      value: 29.16
      objectReference: {fileID: 0}
    - target: {fileID: 3878320461368058390, guid: e60a00d9c4c4a2b40bb2390d73a1036c,
        type: 3}
      propertyPath: m_LocalPosition.y
      value: 2.8
      objectReference: {fileID: 0}
    - target: {fileID: 3878320461368058390, guid: e60a00d9c4c4a2b40bb2390d73a1036c,
        type: 3}
      propertyPath: m_LocalPosition.z
      value: 0
      objectReference: {fileID: 0}
    - target: {fileID: 3878320461368058390, guid: e60a00d9c4c4a2b40bb2390d73a1036c,
        type: 3}
      propertyPath: m_LocalRotation.x
      value: -0
      objectReference: {fileID: 0}
    - target: {fileID: 3878320461368058390, guid: e60a00d9c4c4a2b40bb2390d73a1036c,
        type: 3}
      propertyPath: m_LocalRotation.y
      value: -0
      objectReference: {fileID: 0}
    - target: {fileID: 3878320461368058390, guid: e60a00d9c4c4a2b40bb2390d73a1036c,
        type: 3}
      propertyPath: m_LocalRotation.z
      value: -0.63985604
      objectReference: {fileID: 0}
    - target: {fileID: 3878320461368058390, guid: e60a00d9c4c4a2b40bb2390d73a1036c,
        type: 3}
      propertyPath: m_LocalRotation.w
      value: -0.76849484
      objectReference: {fileID: 0}
    - target: {fileID: 3878320461368058390, guid: e60a00d9c4c4a2b40bb2390d73a1036c,
        type: 3}
      propertyPath: m_RootOrder
      value: 12
      objectReference: {fileID: 0}
    - target: {fileID: 3878320461368058390, guid: e60a00d9c4c4a2b40bb2390d73a1036c,
        type: 3}
      propertyPath: m_LocalEulerAnglesHint.x
      value: 0
      objectReference: {fileID: 0}
    - target: {fileID: 3878320461368058390, guid: e60a00d9c4c4a2b40bb2390d73a1036c,
        type: 3}
      propertyPath: m_LocalEulerAnglesHint.y
      value: 0
      objectReference: {fileID: 0}
    - target: {fileID: 3878320461368058390, guid: e60a00d9c4c4a2b40bb2390d73a1036c,
        type: 3}
      propertyPath: m_LocalEulerAnglesHint.z
      value: -280.438
      objectReference: {fileID: 0}
    - target: {fileID: 3878320461368058390, guid: e60a00d9c4c4a2b40bb2390d73a1036c,
        type: 3}
      propertyPath: m_LocalScale.x
      value: 1.2205936
      objectReference: {fileID: 0}
    - target: {fileID: 3878320461368058390, guid: e60a00d9c4c4a2b40bb2390d73a1036c,
        type: 3}
      propertyPath: m_LocalScale.y
      value: 11.07718
      objectReference: {fileID: 0}
    - target: {fileID: 3878320461368058388, guid: e60a00d9c4c4a2b40bb2390d73a1036c,
        type: 3}
      propertyPath: m_Materials.Array.data[0]
      value: 
      objectReference: {fileID: 2100000, guid: df9509109a0cfcb4a95728b753336457, type: 2}
    m_RemovedComponents: []
  m_SourcePrefab: {fileID: 100100000, guid: e60a00d9c4c4a2b40bb2390d73a1036c, type: 3}
--- !u!108 &705507994 stripped
Light:
  m_CorrespondingSourceObject: {fileID: 6686724635411223408, guid: 1078d28e6b464f5439a706c13918c0f2,
    type: 3}
  m_PrefabInstance: {fileID: 6686724635847238122}
  m_PrefabAsset: {fileID: 0}
--- !u!1001 &741116427
PrefabInstance:
  m_ObjectHideFlags: 0
  serializedVersion: 2
  m_Modification:
    m_TransformParent: {fileID: 1675815690}
    m_Modifications:
    - target: {fileID: 3878320461368058386, guid: e60a00d9c4c4a2b40bb2390d73a1036c,
        type: 3}
      propertyPath: m_Name
      value: Obstacle (10)
      objectReference: {fileID: 0}
    - target: {fileID: 3878320461368058390, guid: e60a00d9c4c4a2b40bb2390d73a1036c,
        type: 3}
      propertyPath: m_LocalPosition.x
      value: 30.08
      objectReference: {fileID: 0}
    - target: {fileID: 3878320461368058390, guid: e60a00d9c4c4a2b40bb2390d73a1036c,
        type: 3}
      propertyPath: m_LocalPosition.y
      value: 19.71
      objectReference: {fileID: 0}
    - target: {fileID: 3878320461368058390, guid: e60a00d9c4c4a2b40bb2390d73a1036c,
        type: 3}
      propertyPath: m_LocalPosition.z
      value: 0
      objectReference: {fileID: 0}
    - target: {fileID: 3878320461368058390, guid: e60a00d9c4c4a2b40bb2390d73a1036c,
        type: 3}
      propertyPath: m_LocalRotation.x
      value: -0
      objectReference: {fileID: 0}
    - target: {fileID: 3878320461368058390, guid: e60a00d9c4c4a2b40bb2390d73a1036c,
        type: 3}
      propertyPath: m_LocalRotation.y
      value: -0
      objectReference: {fileID: 0}
    - target: {fileID: 3878320461368058390, guid: e60a00d9c4c4a2b40bb2390d73a1036c,
        type: 3}
      propertyPath: m_LocalRotation.z
      value: -0.7370888
      objectReference: {fileID: 0}
    - target: {fileID: 3878320461368058390, guid: e60a00d9c4c4a2b40bb2390d73a1036c,
        type: 3}
      propertyPath: m_LocalRotation.w
      value: 0.675796
      objectReference: {fileID: 0}
    - target: {fileID: 3878320461368058390, guid: e60a00d9c4c4a2b40bb2390d73a1036c,
        type: 3}
      propertyPath: m_RootOrder
      value: 9
      objectReference: {fileID: 0}
    - target: {fileID: 3878320461368058390, guid: e60a00d9c4c4a2b40bb2390d73a1036c,
        type: 3}
      propertyPath: m_LocalEulerAnglesHint.x
      value: 0
      objectReference: {fileID: 0}
    - target: {fileID: 3878320461368058390, guid: e60a00d9c4c4a2b40bb2390d73a1036c,
        type: 3}
      propertyPath: m_LocalEulerAnglesHint.y
      value: 0
      objectReference: {fileID: 0}
    - target: {fileID: 3878320461368058390, guid: e60a00d9c4c4a2b40bb2390d73a1036c,
        type: 3}
      propertyPath: m_LocalEulerAnglesHint.z
      value: -94.968
      objectReference: {fileID: 0}
    - target: {fileID: 3878320461368058390, guid: e60a00d9c4c4a2b40bb2390d73a1036c,
        type: 3}
      propertyPath: m_LocalScale.x
      value: 1.2205936
      objectReference: {fileID: 0}
    - target: {fileID: 3878320461368058390, guid: e60a00d9c4c4a2b40bb2390d73a1036c,
        type: 3}
      propertyPath: m_LocalScale.y
      value: 26.240437
      objectReference: {fileID: 0}
    - target: {fileID: 3878320461368058388, guid: e60a00d9c4c4a2b40bb2390d73a1036c,
        type: 3}
      propertyPath: m_Materials.Array.data[0]
      value: 
      objectReference: {fileID: 2100000, guid: df9509109a0cfcb4a95728b753336457, type: 2}
    m_RemovedComponents: []
  m_SourcePrefab: {fileID: 100100000, guid: e60a00d9c4c4a2b40bb2390d73a1036c, type: 3}
--- !u!1 &839202422
GameObject:
  m_ObjectHideFlags: 0
  m_CorrespondingSourceObject: {fileID: 0}
  m_PrefabInstance: {fileID: 0}
  m_PrefabAsset: {fileID: 0}
  serializedVersion: 6
  m_Component:
  - component: {fileID: 839202424}
  - component: {fileID: 839202423}
  m_Layer: 0
  m_Name: Spot Light
  m_TagString: Untagged
  m_Icon: {fileID: 0}
  m_NavMeshLayer: 0
  m_StaticEditorFlags: 0
  m_IsActive: 1
--- !u!108 &839202423
Light:
  m_ObjectHideFlags: 0
  m_CorrespondingSourceObject: {fileID: 0}
  m_PrefabInstance: {fileID: 0}
  m_PrefabAsset: {fileID: 0}
  m_GameObject: {fileID: 839202422}
  m_Enabled: 1
  serializedVersion: 9
  m_Type: 0
  m_Color: {r: 1, g: 1, b: 1, a: 1}
  m_Intensity: 1
  m_Range: 54.667133
  m_SpotAngle: 96.56387
  m_InnerSpotAngle: 21.80208
  m_CookieSize: 10
  m_Shadows:
    m_Type: 0
    m_Resolution: -1
    m_CustomResolution: -1
    m_Strength: 1
    m_Bias: 0.05
    m_NormalBias: 0.4
    m_NearPlane: 0.2
    m_CullingMatrixOverride:
      e00: 1
      e01: 0
      e02: 0
      e03: 0
      e10: 0
      e11: 1
      e12: 0
      e13: 0
      e20: 0
      e21: 0
      e22: 1
      e23: 0
      e30: 0
      e31: 0
      e32: 0
      e33: 1
    m_UseCullingMatrixOverride: 0
  m_Cookie: {fileID: 0}
  m_DrawHalo: 0
  m_Flare: {fileID: 0}
  m_RenderMode: 0
  m_CullingMask:
    serializedVersion: 2
    m_Bits: 4294967295
  m_RenderingLayerMask: 1
  m_Lightmapping: 4
  m_LightShadowCasterMode: 0
  m_AreaSize: {x: 1, y: 1}
  m_BounceIntensity: 1
  m_ColorTemperature: 6570
  m_UseColorTemperature: 0
  m_BoundingSphereOverride: {x: 0, y: 0, z: 0, w: 0}
  m_UseBoundingSphereOverride: 0
  m_ShadowRadius: 0
  m_ShadowAngle: 0
--- !u!4 &839202424
Transform:
  m_ObjectHideFlags: 0
  m_CorrespondingSourceObject: {fileID: 0}
  m_PrefabInstance: {fileID: 0}
  m_PrefabAsset: {fileID: 0}
  m_GameObject: {fileID: 839202422}
  m_LocalRotation: {x: 0.2020283, y: -0.17950368, z: 0.12309649, w: 0.95488757}
  m_LocalPosition: {x: 28.06, y: 13.38, z: -7.27}
  m_LocalScale: {x: -0.6563507, y: 1, z: 1.3971}
  m_Children: []
  m_Father: {fileID: 0}
  m_RootOrder: 9
  m_LocalEulerAnglesHint: {x: 25.469002, y: -18.943, z: 10.373}
--- !u!4 &845748874 stripped
Transform:
  m_CorrespondingSourceObject: {fileID: 3878320461368058390, guid: e60a00d9c4c4a2b40bb2390d73a1036c,
    type: 3}
  m_PrefabInstance: {fileID: 1056274092204024135}
  m_PrefabAsset: {fileID: 0}
--- !u!1001 &863228533
PrefabInstance:
  m_ObjectHideFlags: 0
  serializedVersion: 2
  m_Modification:
    m_TransformParent: {fileID: 1675815690}
    m_Modifications:
    - target: {fileID: 3878320461368058386, guid: e60a00d9c4c4a2b40bb2390d73a1036c,
        type: 3}
      propertyPath: m_Name
      value: Obstacle (7)
      objectReference: {fileID: 0}
    - target: {fileID: 3878320461368058390, guid: e60a00d9c4c4a2b40bb2390d73a1036c,
        type: 3}
      propertyPath: m_LocalPosition.x
      value: 5.45
      objectReference: {fileID: 0}
    - target: {fileID: 3878320461368058390, guid: e60a00d9c4c4a2b40bb2390d73a1036c,
        type: 3}
      propertyPath: m_LocalPosition.y
      value: 18.79
      objectReference: {fileID: 0}
    - target: {fileID: 3878320461368058390, guid: e60a00d9c4c4a2b40bb2390d73a1036c,
        type: 3}
      propertyPath: m_LocalPosition.z
      value: 0
      objectReference: {fileID: 0}
    - target: {fileID: 3878320461368058390, guid: e60a00d9c4c4a2b40bb2390d73a1036c,
        type: 3}
      propertyPath: m_LocalRotation.x
      value: -0
      objectReference: {fileID: 0}
    - target: {fileID: 3878320461368058390, guid: e60a00d9c4c4a2b40bb2390d73a1036c,
        type: 3}
      propertyPath: m_LocalRotation.y
      value: -0
      objectReference: {fileID: 0}
    - target: {fileID: 3878320461368058390, guid: e60a00d9c4c4a2b40bb2390d73a1036c,
        type: 3}
      propertyPath: m_LocalRotation.z
      value: -0.64359736
      objectReference: {fileID: 0}
    - target: {fileID: 3878320461368058390, guid: e60a00d9c4c4a2b40bb2390d73a1036c,
        type: 3}
      propertyPath: m_LocalRotation.w
      value: 0.7653642
      objectReference: {fileID: 0}
    - target: {fileID: 3878320461368058390, guid: e60a00d9c4c4a2b40bb2390d73a1036c,
        type: 3}
      propertyPath: m_RootOrder
      value: 6
      objectReference: {fileID: 0}
    - target: {fileID: 3878320461368058390, guid: e60a00d9c4c4a2b40bb2390d73a1036c,
        type: 3}
      propertyPath: m_LocalEulerAnglesHint.x
      value: 0
      objectReference: {fileID: 0}
    - target: {fileID: 3878320461368058390, guid: e60a00d9c4c4a2b40bb2390d73a1036c,
        type: 3}
      propertyPath: m_LocalEulerAnglesHint.y
      value: 0
      objectReference: {fileID: 0}
    - target: {fileID: 3878320461368058390, guid: e60a00d9c4c4a2b40bb2390d73a1036c,
        type: 3}
      propertyPath: m_LocalEulerAnglesHint.z
      value: -80.121
      objectReference: {fileID: 0}
    - target: {fileID: 3878320461368058390, guid: e60a00d9c4c4a2b40bb2390d73a1036c,
        type: 3}
      propertyPath: m_LocalScale.x
      value: 1.75268
      objectReference: {fileID: 0}
    - target: {fileID: 3878320461368058390, guid: e60a00d9c4c4a2b40bb2390d73a1036c,
        type: 3}
      propertyPath: m_LocalScale.y
      value: 26.266521
      objectReference: {fileID: 0}
    - target: {fileID: 3878320461368058388, guid: e60a00d9c4c4a2b40bb2390d73a1036c,
        type: 3}
      propertyPath: m_Materials.Array.data[0]
      value: 
      objectReference: {fileID: 2100000, guid: df9509109a0cfcb4a95728b753336457, type: 2}
    m_RemovedComponents: []
  m_SourcePrefab: {fileID: 100100000, guid: e60a00d9c4c4a2b40bb2390d73a1036c, type: 3}
--- !u!1001 &933994854
PrefabInstance:
  m_ObjectHideFlags: 0
  serializedVersion: 2
  m_Modification:
    m_TransformParent: {fileID: 1675815690}
    m_Modifications:
    - target: {fileID: 3878320461368058386, guid: e60a00d9c4c4a2b40bb2390d73a1036c,
        type: 3}
      propertyPath: m_Name
      value: Obstacle (11)
      objectReference: {fileID: 0}
    - target: {fileID: 3878320461368058390, guid: e60a00d9c4c4a2b40bb2390d73a1036c,
        type: 3}
      propertyPath: m_LocalPosition.x
      value: 41.82
      objectReference: {fileID: 0}
    - target: {fileID: 3878320461368058390, guid: e60a00d9c4c4a2b40bb2390d73a1036c,
        type: 3}
      propertyPath: m_LocalPosition.y
      value: 9.22
      objectReference: {fileID: 0}
    - target: {fileID: 3878320461368058390, guid: e60a00d9c4c4a2b40bb2390d73a1036c,
        type: 3}
      propertyPath: m_LocalPosition.z
      value: 0
      objectReference: {fileID: 0}
    - target: {fileID: 3878320461368058390, guid: e60a00d9c4c4a2b40bb2390d73a1036c,
        type: 3}
      propertyPath: m_LocalRotation.x
      value: -0
      objectReference: {fileID: 0}
    - target: {fileID: 3878320461368058390, guid: e60a00d9c4c4a2b40bb2390d73a1036c,
        type: 3}
      propertyPath: m_LocalRotation.y
      value: -0
      objectReference: {fileID: 0}
    - target: {fileID: 3878320461368058390, guid: e60a00d9c4c4a2b40bb2390d73a1036c,
        type: 3}
      propertyPath: m_LocalRotation.z
      value: -0.99821526
      objectReference: {fileID: 0}
    - target: {fileID: 3878320461368058390, guid: e60a00d9c4c4a2b40bb2390d73a1036c,
        type: 3}
      propertyPath: m_LocalRotation.w
      value: -0.05971911
      objectReference: {fileID: 0}
    - target: {fileID: 3878320461368058390, guid: e60a00d9c4c4a2b40bb2390d73a1036c,
        type: 3}
      propertyPath: m_RootOrder
      value: 10
      objectReference: {fileID: 0}
    - target: {fileID: 3878320461368058390, guid: e60a00d9c4c4a2b40bb2390d73a1036c,
        type: 3}
      propertyPath: m_LocalEulerAnglesHint.x
      value: 0
      objectReference: {fileID: 0}
    - target: {fileID: 3878320461368058390, guid: e60a00d9c4c4a2b40bb2390d73a1036c,
        type: 3}
      propertyPath: m_LocalEulerAnglesHint.y
      value: 0
      objectReference: {fileID: 0}
    - target: {fileID: 3878320461368058390, guid: e60a00d9c4c4a2b40bb2390d73a1036c,
        type: 3}
      propertyPath: m_LocalEulerAnglesHint.z
      value: -186.84698
      objectReference: {fileID: 0}
    - target: {fileID: 3878320461368058390, guid: e60a00d9c4c4a2b40bb2390d73a1036c,
        type: 3}
      propertyPath: m_LocalScale.x
      value: 1.2205936
      objectReference: {fileID: 0}
    - target: {fileID: 3878320461368058390, guid: e60a00d9c4c4a2b40bb2390d73a1036c,
        type: 3}
      propertyPath: m_LocalScale.y
      value: 20.060814
      objectReference: {fileID: 0}
    - target: {fileID: 3878320461368058388, guid: e60a00d9c4c4a2b40bb2390d73a1036c,
        type: 3}
      propertyPath: m_Materials.Array.data[0]
      value: 
      objectReference: {fileID: 2100000, guid: df9509109a0cfcb4a95728b753336457, type: 2}
    m_RemovedComponents: []
  m_SourcePrefab: {fileID: 100100000, guid: e60a00d9c4c4a2b40bb2390d73a1036c, type: 3}
--- !u!1 &948083984
GameObject:
  m_ObjectHideFlags: 0
  m_CorrespondingSourceObject: {fileID: 0}
  m_PrefabInstance: {fileID: 0}
  m_PrefabAsset: {fileID: 0}
  serializedVersion: 6
  m_Component:
  - component: {fileID: 948083986}
  - component: {fileID: 948083985}
  m_Layer: 0
  m_Name: Point Light
  m_TagString: Untagged
  m_Icon: {fileID: 0}
  m_NavMeshLayer: 0
  m_StaticEditorFlags: 0
  m_IsActive: 1
--- !u!108 &948083985
Light:
  m_ObjectHideFlags: 0
  m_CorrespondingSourceObject: {fileID: 0}
  m_PrefabInstance: {fileID: 0}
  m_PrefabAsset: {fileID: 0}
  m_GameObject: {fileID: 948083984}
  m_Enabled: 1
  serializedVersion: 9
  m_Type: 2
  m_Color: {r: 1, g: 1, b: 1, a: 1}
  m_Intensity: 1
  m_Range: 10
  m_SpotAngle: 30
  m_InnerSpotAngle: 21.80208
  m_CookieSize: 10
  m_Shadows:
    m_Type: 0
    m_Resolution: -1
    m_CustomResolution: -1
    m_Strength: 1
    m_Bias: 0.05
    m_NormalBias: 0.4
    m_NearPlane: 0.2
    m_CullingMatrixOverride:
      e00: 1
      e01: 0
      e02: 0
      e03: 0
      e10: 0
      e11: 1
      e12: 0
      e13: 0
      e20: 0
      e21: 0
      e22: 1
      e23: 0
      e30: 0
      e31: 0
      e32: 0
      e33: 1
    m_UseCullingMatrixOverride: 0
  m_Cookie: {fileID: 0}
  m_DrawHalo: 0
  m_Flare: {fileID: 0}
  m_RenderMode: 0
  m_CullingMask:
    serializedVersion: 2
    m_Bits: 4294967295
  m_RenderingLayerMask: 1
  m_Lightmapping: 4
  m_LightShadowCasterMode: 0
  m_AreaSize: {x: 1, y: 1}
  m_BounceIntensity: 1
  m_ColorTemperature: 6570
  m_UseColorTemperature: 0
  m_BoundingSphereOverride: {x: 0, y: 0, z: 0, w: 0}
  m_UseBoundingSphereOverride: 0
  m_ShadowRadius: 0
  m_ShadowAngle: 0
--- !u!4 &948083986
Transform:
  m_ObjectHideFlags: 0
  m_CorrespondingSourceObject: {fileID: 0}
  m_PrefabInstance: {fileID: 0}
  m_PrefabAsset: {fileID: 0}
  m_GameObject: {fileID: 948083984}
  m_LocalRotation: {x: 0, y: 0, z: 0, w: 1}
  m_LocalPosition: {x: 34.9, y: 5.58, z: 0}
  m_LocalScale: {x: -0.6563507, y: 1, z: 1.3971}
  m_Children: []
  m_Father: {fileID: 0}
  m_RootOrder: 8
  m_LocalEulerAnglesHint: {x: 0, y: 0, z: 0}
--- !u!4 &960669353 stripped
Transform:
  m_CorrespondingSourceObject: {fileID: 3878320461368058390, guid: e60a00d9c4c4a2b40bb2390d73a1036c,
    type: 3}
  m_PrefabInstance: {fileID: 2116501432}
  m_PrefabAsset: {fileID: 0}
--- !u!4 &1006878671 stripped
Transform:
  m_CorrespondingSourceObject: {fileID: 3878320461368058390, guid: e60a00d9c4c4a2b40bb2390d73a1036c,
    type: 3}
  m_PrefabInstance: {fileID: 146015760}
  m_PrefabAsset: {fileID: 0}
--- !u!1 &1017194407 stripped
GameObject:
  m_CorrespondingSourceObject: {fileID: 3878320461368058386, guid: e60a00d9c4c4a2b40bb2390d73a1036c,
    type: 3}
  m_PrefabInstance: {fileID: 1059158146}
  m_PrefabAsset: {fileID: 0}
--- !u!114 &1017194408
MonoBehaviour:
  m_ObjectHideFlags: 0
  m_CorrespondingSourceObject: {fileID: 0}
  m_PrefabInstance: {fileID: 0}
  m_PrefabAsset: {fileID: 0}
  m_GameObject: {fileID: 1017194407}
  m_Enabled: 1
  m_EditorHideFlags: 0
  m_Script: {fileID: 11500000, guid: 05b9d95c5ad631f4eb0d1c8c57c8d523, type: 3}
  m_Name: 
  m_EditorClassIdentifier: 
  movementVector: {x: 0, y: 0, z: 5}
  period: 3
--- !u!4 &1037648350 stripped
Transform:
  m_CorrespondingSourceObject: {fileID: 3878320461368058390, guid: e60a00d9c4c4a2b40bb2390d73a1036c,
    type: 3}
  m_PrefabInstance: {fileID: 1999053868}
  m_PrefabAsset: {fileID: 0}
--- !u!1001 &1059158146
PrefabInstance:
  m_ObjectHideFlags: 0
  serializedVersion: 2
  m_Modification:
    m_TransformParent: {fileID: 1675815690}
    m_Modifications:
    - target: {fileID: 3878320461368058386, guid: e60a00d9c4c4a2b40bb2390d73a1036c,
        type: 3}
      propertyPath: m_Name
      value: Obstacle (4)
      objectReference: {fileID: 0}
    - target: {fileID: 3878320461368058390, guid: e60a00d9c4c4a2b40bb2390d73a1036c,
        type: 3}
      propertyPath: m_LocalPosition.x
      value: 11.85
      objectReference: {fileID: 0}
    - target: {fileID: 3878320461368058390, guid: e60a00d9c4c4a2b40bb2390d73a1036c,
        type: 3}
      propertyPath: m_LocalPosition.y
      value: -5.61
      objectReference: {fileID: 0}
    - target: {fileID: 3878320461368058390, guid: e60a00d9c4c4a2b40bb2390d73a1036c,
        type: 3}
      propertyPath: m_LocalPosition.z
      value: 0
      objectReference: {fileID: 0}
    - target: {fileID: 3878320461368058390, guid: e60a00d9c4c4a2b40bb2390d73a1036c,
        type: 3}
      propertyPath: m_LocalRotation.x
      value: -0
      objectReference: {fileID: 0}
    - target: {fileID: 3878320461368058390, guid: e60a00d9c4c4a2b40bb2390d73a1036c,
        type: 3}
      propertyPath: m_LocalRotation.y
      value: -0
      objectReference: {fileID: 0}
    - target: {fileID: 3878320461368058390, guid: e60a00d9c4c4a2b40bb2390d73a1036c,
        type: 3}
      propertyPath: m_LocalRotation.z
      value: 0.0829826
      objectReference: {fileID: 0}
    - target: {fileID: 3878320461368058390, guid: e60a00d9c4c4a2b40bb2390d73a1036c,
        type: 3}
      propertyPath: m_LocalRotation.w
      value: 0.996551
      objectReference: {fileID: 0}
    - target: {fileID: 3878320461368058390, guid: e60a00d9c4c4a2b40bb2390d73a1036c,
        type: 3}
      propertyPath: m_RootOrder
      value: 3
      objectReference: {fileID: 0}
    - target: {fileID: 3878320461368058390, guid: e60a00d9c4c4a2b40bb2390d73a1036c,
        type: 3}
      propertyPath: m_LocalEulerAnglesHint.x
      value: 0
      objectReference: {fileID: 0}
    - target: {fileID: 3878320461368058390, guid: e60a00d9c4c4a2b40bb2390d73a1036c,
        type: 3}
      propertyPath: m_LocalEulerAnglesHint.y
      value: 0
      objectReference: {fileID: 0}
    - target: {fileID: 3878320461368058390, guid: e60a00d9c4c4a2b40bb2390d73a1036c,
        type: 3}
      propertyPath: m_LocalEulerAnglesHint.z
      value: 9.52
      objectReference: {fileID: 0}
    - target: {fileID: 3878320461368058390, guid: e60a00d9c4c4a2b40bb2390d73a1036c,
        type: 3}
      propertyPath: m_LocalScale.x
      value: 1.398936
      objectReference: {fileID: 0}
    - target: {fileID: 3878320461368058390, guid: e60a00d9c4c4a2b40bb2390d73a1036c,
        type: 3}
      propertyPath: m_LocalScale.y
      value: 17.677084
      objectReference: {fileID: 0}
    - target: {fileID: 3878320461368058388, guid: e60a00d9c4c4a2b40bb2390d73a1036c,
        type: 3}
      propertyPath: m_Materials.Array.data[0]
      value: 
      objectReference: {fileID: 2100000, guid: df9509109a0cfcb4a95728b753336457, type: 2}
    m_RemovedComponents: []
  m_SourcePrefab: {fileID: 100100000, guid: e60a00d9c4c4a2b40bb2390d73a1036c, type: 3}
--- !u!4 &1087086838 stripped
Transform:
  m_CorrespondingSourceObject: {fileID: 3878320461368058390, guid: e60a00d9c4c4a2b40bb2390d73a1036c,
    type: 3}
  m_PrefabInstance: {fileID: 1578940026}
  m_PrefabAsset: {fileID: 0}
--- !u!1001 &1400609816
PrefabInstance:
  m_ObjectHideFlags: 0
  serializedVersion: 2
  m_Modification:
    m_TransformParent: {fileID: 1675815690}
    m_Modifications:
    - target: {fileID: 3878320461368058386, guid: e60a00d9c4c4a2b40bb2390d73a1036c,
        type: 3}
      propertyPath: m_Name
      value: Obstacle (9)
      objectReference: {fileID: 0}
    - target: {fileID: 3878320461368058390, guid: e60a00d9c4c4a2b40bb2390d73a1036c,
        type: 3}
      propertyPath: m_LocalPosition.x
      value: 13.4
      objectReference: {fileID: 0}
    - target: {fileID: 3878320461368058390, guid: e60a00d9c4c4a2b40bb2390d73a1036c,
        type: 3}
      propertyPath: m_LocalPosition.y
      value: 20.17
      objectReference: {fileID: 0}
    - target: {fileID: 3878320461368058390, guid: e60a00d9c4c4a2b40bb2390d73a1036c,
        type: 3}
      propertyPath: m_LocalPosition.z
      value: 0
      objectReference: {fileID: 0}
    - target: {fileID: 3878320461368058390, guid: e60a00d9c4c4a2b40bb2390d73a1036c,
        type: 3}
      propertyPath: m_LocalRotation.x
      value: -0
      objectReference: {fileID: 0}
    - target: {fileID: 3878320461368058390, guid: e60a00d9c4c4a2b40bb2390d73a1036c,
        type: 3}
      propertyPath: m_LocalRotation.y
      value: -0
      objectReference: {fileID: 0}
    - target: {fileID: 3878320461368058390, guid: e60a00d9c4c4a2b40bb2390d73a1036c,
        type: 3}
      propertyPath: m_LocalRotation.z
      value: -0.80571574
      objectReference: {fileID: 0}
    - target: {fileID: 3878320461368058390, guid: e60a00d9c4c4a2b40bb2390d73a1036c,
        type: 3}
      propertyPath: m_LocalRotation.w
      value: 0.5923025
      objectReference: {fileID: 0}
    - target: {fileID: 3878320461368058390, guid: e60a00d9c4c4a2b40bb2390d73a1036c,
        type: 3}
      propertyPath: m_RootOrder
      value: 8
      objectReference: {fileID: 0}
    - target: {fileID: 3878320461368058390, guid: e60a00d9c4c4a2b40bb2390d73a1036c,
        type: 3}
      propertyPath: m_LocalEulerAnglesHint.x
      value: 0
      objectReference: {fileID: 0}
    - target: {fileID: 3878320461368058390, guid: e60a00d9c4c4a2b40bb2390d73a1036c,
        type: 3}
      propertyPath: m_LocalEulerAnglesHint.y
      value: 0
      objectReference: {fileID: 0}
    - target: {fileID: 3878320461368058390, guid: e60a00d9c4c4a2b40bb2390d73a1036c,
        type: 3}
      propertyPath: m_LocalEulerAnglesHint.z
      value: -107.35901
      objectReference: {fileID: 0}
    - target: {fileID: 3878320461368058390, guid: e60a00d9c4c4a2b40bb2390d73a1036c,
        type: 3}
      propertyPath: m_LocalScale.x
      value: 3.792624
      objectReference: {fileID: 0}
    - target: {fileID: 3878320461368058390, guid: e60a00d9c4c4a2b40bb2390d73a1036c,
        type: 3}
      propertyPath: m_LocalScale.y
      value: 8.132378
      objectReference: {fileID: 0}
    - target: {fileID: 3878320461368058388, guid: e60a00d9c4c4a2b40bb2390d73a1036c,
        type: 3}
      propertyPath: m_Materials.Array.data[0]
      value: 
      objectReference: {fileID: 2100000, guid: df9509109a0cfcb4a95728b753336457, type: 2}
    m_RemovedComponents: []
  m_SourcePrefab: {fileID: 100100000, guid: e60a00d9c4c4a2b40bb2390d73a1036c, type: 3}
--- !u!4 &1465152152 stripped
Transform:
  m_CorrespondingSourceObject: {fileID: 3878320461368058390, guid: e60a00d9c4c4a2b40bb2390d73a1036c,
    type: 3}
  m_PrefabInstance: {fileID: 231278567}
  m_PrefabAsset: {fileID: 0}
--- !u!4 &1471244702 stripped
Transform:
  m_CorrespondingSourceObject: {fileID: 299019853865336145, guid: 5cbdccc94291eb442860213f74097ed1,
    type: 3}
  m_PrefabInstance: {fileID: 1602144090}
  m_PrefabAsset: {fileID: 0}
--- !u!1001 &1578940026
PrefabInstance:
  m_ObjectHideFlags: 0
  serializedVersion: 2
  m_Modification:
    m_TransformParent: {fileID: 1675815690}
    m_Modifications:
    - target: {fileID: 3878320461368058386, guid: e60a00d9c4c4a2b40bb2390d73a1036c,
        type: 3}
      propertyPath: m_Name
      value: Obstacle (6)
      objectReference: {fileID: 0}
    - target: {fileID: 3878320461368058390, guid: e60a00d9c4c4a2b40bb2390d73a1036c,
        type: 3}
      propertyPath: m_LocalPosition.x
      value: -7.43
      objectReference: {fileID: 0}
    - target: {fileID: 3878320461368058390, guid: e60a00d9c4c4a2b40bb2390d73a1036c,
        type: 3}
      propertyPath: m_LocalPosition.y
      value: 10.46
      objectReference: {fileID: 0}
    - target: {fileID: 3878320461368058390, guid: e60a00d9c4c4a2b40bb2390d73a1036c,
        type: 3}
      propertyPath: m_LocalPosition.z
      value: 0
      objectReference: {fileID: 0}
    - target: {fileID: 3878320461368058390, guid: e60a00d9c4c4a2b40bb2390d73a1036c,
        type: 3}
      propertyPath: m_LocalRotation.x
      value: -0
      objectReference: {fileID: 0}
    - target: {fileID: 3878320461368058390, guid: e60a00d9c4c4a2b40bb2390d73a1036c,
        type: 3}
      propertyPath: m_LocalRotation.y
      value: -0
      objectReference: {fileID: 0}
    - target: {fileID: 3878320461368058390, guid: e60a00d9c4c4a2b40bb2390d73a1036c,
        type: 3}
      propertyPath: m_LocalRotation.z
      value: -0.103581145
      objectReference: {fileID: 0}
    - target: {fileID: 3878320461368058390, guid: e60a00d9c4c4a2b40bb2390d73a1036c,
        type: 3}
      propertyPath: m_LocalRotation.w
      value: 0.99462104
      objectReference: {fileID: 0}
    - target: {fileID: 3878320461368058390, guid: e60a00d9c4c4a2b40bb2390d73a1036c,
        type: 3}
      propertyPath: m_RootOrder
      value: 5
      objectReference: {fileID: 0}
    - target: {fileID: 3878320461368058390, guid: e60a00d9c4c4a2b40bb2390d73a1036c,
        type: 3}
      propertyPath: m_LocalEulerAnglesHint.x
      value: 0
      objectReference: {fileID: 0}
    - target: {fileID: 3878320461368058390, guid: e60a00d9c4c4a2b40bb2390d73a1036c,
        type: 3}
      propertyPath: m_LocalEulerAnglesHint.y
      value: 0
      objectReference: {fileID: 0}
    - target: {fileID: 3878320461368058390, guid: e60a00d9c4c4a2b40bb2390d73a1036c,
        type: 3}
      propertyPath: m_LocalEulerAnglesHint.z
      value: -11.891001
      objectReference: {fileID: 0}
    - target: {fileID: 3878320461368058390, guid: e60a00d9c4c4a2b40bb2390d73a1036c,
        type: 3}
      propertyPath: m_LocalScale.x
      value: 1.75268
      objectReference: {fileID: 0}
    - target: {fileID: 3878320461368058390, guid: e60a00d9c4c4a2b40bb2390d73a1036c,
        type: 3}
      propertyPath: m_LocalScale.y
      value: 11.2451935
      objectReference: {fileID: 0}
    - target: {fileID: 3878320461368058388, guid: e60a00d9c4c4a2b40bb2390d73a1036c,
        type: 3}
      propertyPath: m_Materials.Array.data[0]
      value: 
      objectReference: {fileID: 2100000, guid: df9509109a0cfcb4a95728b753336457, type: 2}
    m_RemovedComponents: []
  m_SourcePrefab: {fileID: 100100000, guid: e60a00d9c4c4a2b40bb2390d73a1036c, type: 3}
--- !u!1001 &1602144090
PrefabInstance:
  m_ObjectHideFlags: 0
  serializedVersion: 2
  m_Modification:
    m_TransformParent: {fileID: 0}
    m_Modifications:
    - target: {fileID: 784989578587627090, guid: 5cbdccc94291eb442860213f74097ed1,
        type: 3}
      propertyPath: m_Name
      value: Rocket Ship
      objectReference: {fileID: 0}
    - target: {fileID: 299019853865336145, guid: 5cbdccc94291eb442860213f74097ed1,
        type: 3}
      propertyPath: m_LocalPosition.x
      value: 0
      objectReference: {fileID: 0}
    - target: {fileID: 299019853865336145, guid: 5cbdccc94291eb442860213f74097ed1,
        type: 3}
      propertyPath: m_LocalPosition.y
      value: 3.88
      objectReference: {fileID: 0}
    - target: {fileID: 299019853865336145, guid: 5cbdccc94291eb442860213f74097ed1,
        type: 3}
      propertyPath: m_LocalPosition.z
      value: 0
      objectReference: {fileID: 0}
    - target: {fileID: 299019853865336145, guid: 5cbdccc94291eb442860213f74097ed1,
        type: 3}
      propertyPath: m_LocalRotation.x
      value: 0
      objectReference: {fileID: 0}
    - target: {fileID: 299019853865336145, guid: 5cbdccc94291eb442860213f74097ed1,
        type: 3}
      propertyPath: m_LocalRotation.y
      value: 0
      objectReference: {fileID: 0}
    - target: {fileID: 299019853865336145, guid: 5cbdccc94291eb442860213f74097ed1,
        type: 3}
      propertyPath: m_LocalRotation.z
      value: 0
      objectReference: {fileID: 0}
    - target: {fileID: 299019853865336145, guid: 5cbdccc94291eb442860213f74097ed1,
        type: 3}
      propertyPath: m_LocalRotation.w
      value: 1
      objectReference: {fileID: 0}
    - target: {fileID: 299019853865336145, guid: 5cbdccc94291eb442860213f74097ed1,
        type: 3}
      propertyPath: m_RootOrder
      value: 1
      objectReference: {fileID: 0}
    - target: {fileID: 299019853865336145, guid: 5cbdccc94291eb442860213f74097ed1,
        type: 3}
      propertyPath: m_LocalEulerAnglesHint.x
      value: 0
      objectReference: {fileID: 0}
    - target: {fileID: 299019853865336145, guid: 5cbdccc94291eb442860213f74097ed1,
        type: 3}
      propertyPath: m_LocalEulerAnglesHint.y
      value: 0
      objectReference: {fileID: 0}
    - target: {fileID: 299019853865336145, guid: 5cbdccc94291eb442860213f74097ed1,
        type: 3}
      propertyPath: m_LocalEulerAnglesHint.z
      value: 0
      objectReference: {fileID: 0}
    - target: {fileID: 438610562, guid: 5cbdccc94291eb442860213f74097ed1, type: 3}
      propertyPath: m_Name
      value: Head Lamp
      objectReference: {fileID: 0}
    - target: {fileID: 1667017148, guid: 5cbdccc94291eb442860213f74097ed1, type: 3}
      propertyPath: m_Name
      value: Ship Light
      objectReference: {fileID: 0}
    m_RemovedComponents: []
  m_SourcePrefab: {fileID: 100100000, guid: 5cbdccc94291eb442860213f74097ed1, type: 3}
--- !u!1 &1675815689
GameObject:
  m_ObjectHideFlags: 0
  m_CorrespondingSourceObject: {fileID: 0}
  m_PrefabInstance: {fileID: 0}
  m_PrefabAsset: {fileID: 0}
  serializedVersion: 6
  m_Component:
  - component: {fileID: 1675815690}
  m_Layer: 0
  m_Name: Terrain Obstacles
  m_TagString: Untagged
  m_Icon: {fileID: 0}
  m_NavMeshLayer: 0
  m_StaticEditorFlags: 0
  m_IsActive: 1
--- !u!4 &1675815690
Transform:
  m_ObjectHideFlags: 0
  m_CorrespondingSourceObject: {fileID: 0}
  m_PrefabInstance: {fileID: 0}
  m_PrefabAsset: {fileID: 0}
  m_GameObject: {fileID: 1675815689}
  m_LocalRotation: {x: 0, y: 0, z: 0, w: 1}
  m_LocalPosition: {x: 0, y: 0, z: 0}
  m_LocalScale: {x: 1, y: 1, z: 1}
  m_Children:
  - {fileID: 845748874}
  - {fileID: 126685443}
  - {fileID: 960669353}
  - {fileID: 2100580864}
  - {fileID: 1037648350}
  - {fileID: 1087086838}
  - {fileID: 1892625894}
  - {fileID: 1006878671}
  - {fileID: 1748555653}
  - {fileID: 2109840151}
  - {fileID: 2045079705}
  - {fileID: 1465152152}
  - {fileID: 1871046144}
  m_Father: {fileID: 0}
  m_RootOrder: 7
  m_LocalEulerAnglesHint: {x: 0, y: 0, z: 0}
--- !u!4 &1748555653 stripped
Transform:
  m_CorrespondingSourceObject: {fileID: 3878320461368058390, guid: e60a00d9c4c4a2b40bb2390d73a1036c,
    type: 3}
  m_PrefabInstance: {fileID: 1400609816}
  m_PrefabAsset: {fileID: 0}
--- !u!4 &1871046144 stripped
Transform:
  m_CorrespondingSourceObject: {fileID: 3878320461368058390, guid: e60a00d9c4c4a2b40bb2390d73a1036c,
    type: 3}
  m_PrefabInstance: {fileID: 649587804}
  m_PrefabAsset: {fileID: 0}
--- !u!4 &1892625894 stripped
Transform:
  m_CorrespondingSourceObject: {fileID: 3878320461368058390, guid: e60a00d9c4c4a2b40bb2390d73a1036c,
    type: 3}
  m_PrefabInstance: {fileID: 863228533}
  m_PrefabAsset: {fileID: 0}
--- !u!1001 &1999053868
PrefabInstance:
  m_ObjectHideFlags: 0
  serializedVersion: 2
  m_Modification:
    m_TransformParent: {fileID: 1675815690}
    m_Modifications:
    - target: {fileID: 3878320461368058386, guid: e60a00d9c4c4a2b40bb2390d73a1036c,
        type: 3}
      propertyPath: m_Name
      value: Obstacle (5)
      objectReference: {fileID: 0}
    - target: {fileID: 3878320461368058390, guid: e60a00d9c4c4a2b40bb2390d73a1036c,
        type: 3}
      propertyPath: m_LocalPosition.x
      value: -3.69
      objectReference: {fileID: 0}
    - target: {fileID: 3878320461368058390, guid: e60a00d9c4c4a2b40bb2390d73a1036c,
        type: 3}
      propertyPath: m_LocalPosition.y
      value: 0.55
      objectReference: {fileID: 0}
    - target: {fileID: 3878320461368058390, guid: e60a00d9c4c4a2b40bb2390d73a1036c,
        type: 3}
      propertyPath: m_LocalPosition.z
      value: 0
      objectReference: {fileID: 0}
    - target: {fileID: 3878320461368058390, guid: e60a00d9c4c4a2b40bb2390d73a1036c,
        type: 3}
      propertyPath: m_LocalRotation.x
      value: -0
      objectReference: {fileID: 0}
    - target: {fileID: 3878320461368058390, guid: e60a00d9c4c4a2b40bb2390d73a1036c,
        type: 3}
      propertyPath: m_LocalRotation.y
      value: -0
      objectReference: {fileID: 0}
    - target: {fileID: 3878320461368058390, guid: e60a00d9c4c4a2b40bb2390d73a1036c,
        type: 3}
      propertyPath: m_LocalRotation.z
      value: -0.8540093
      objectReference: {fileID: 0}
    - target: {fileID: 3878320461368058390, guid: e60a00d9c4c4a2b40bb2390d73a1036c,
        type: 3}
      propertyPath: m_LocalRotation.w
      value: 0.52025783
      objectReference: {fileID: 0}
    - target: {fileID: 3878320461368058390, guid: e60a00d9c4c4a2b40bb2390d73a1036c,
        type: 3}
      propertyPath: m_RootOrder
      value: 4
      objectReference: {fileID: 0}
    - target: {fileID: 3878320461368058390, guid: e60a00d9c4c4a2b40bb2390d73a1036c,
        type: 3}
      propertyPath: m_LocalEulerAnglesHint.x
      value: 0
      objectReference: {fileID: 0}
    - target: {fileID: 3878320461368058390, guid: e60a00d9c4c4a2b40bb2390d73a1036c,
        type: 3}
      propertyPath: m_LocalEulerAnglesHint.y
      value: 0
      objectReference: {fileID: 0}
    - target: {fileID: 3878320461368058390, guid: e60a00d9c4c4a2b40bb2390d73a1036c,
        type: 3}
      propertyPath: m_LocalEulerAnglesHint.z
      value: -117.301
      objectReference: {fileID: 0}
    - target: {fileID: 3878320461368058390, guid: e60a00d9c4c4a2b40bb2390d73a1036c,
        type: 3}
      propertyPath: m_LocalScale.x
      value: 1.75268
      objectReference: {fileID: 0}
    - target: {fileID: 3878320461368058390, guid: e60a00d9c4c4a2b40bb2390d73a1036c,
        type: 3}
      propertyPath: m_LocalScale.y
      value: 6.910443
      objectReference: {fileID: 0}
    - target: {fileID: 3878320461368058388, guid: e60a00d9c4c4a2b40bb2390d73a1036c,
        type: 3}
      propertyPath: m_Materials.Array.data[0]
      value: 
      objectReference: {fileID: 2100000, guid: df9509109a0cfcb4a95728b753336457, type: 2}
    m_RemovedComponents: []
  m_SourcePrefab: {fileID: 100100000, guid: e60a00d9c4c4a2b40bb2390d73a1036c, type: 3}
--- !u!4 &2045079705 stripped
Transform:
  m_CorrespondingSourceObject: {fileID: 3878320461368058390, guid: e60a00d9c4c4a2b40bb2390d73a1036c,
    type: 3}
  m_PrefabInstance: {fileID: 933994854}
  m_PrefabAsset: {fileID: 0}
--- !u!4 &2100580864 stripped
Transform:
  m_CorrespondingSourceObject: {fileID: 3878320461368058390, guid: e60a00d9c4c4a2b40bb2390d73a1036c,
    type: 3}
  m_PrefabInstance: {fileID: 1059158146}
  m_PrefabAsset: {fileID: 0}
--- !u!4 &2109840151 stripped
Transform:
  m_CorrespondingSourceObject: {fileID: 3878320461368058390, guid: e60a00d9c4c4a2b40bb2390d73a1036c,
    type: 3}
  m_PrefabInstance: {fileID: 741116427}
  m_PrefabAsset: {fileID: 0}
--- !u!1001 &2116501432
PrefabInstance:
  m_ObjectHideFlags: 0
  serializedVersion: 2
  m_Modification:
    m_TransformParent: {fileID: 1675815690}
    m_Modifications:
    - target: {fileID: 3878320461368058386, guid: e60a00d9c4c4a2b40bb2390d73a1036c,
        type: 3}
      propertyPath: m_Name
      value: Obstacle (3)
      objectReference: {fileID: 0}
    - target: {fileID: 3878320461368058390, guid: e60a00d9c4c4a2b40bb2390d73a1036c,
        type: 3}
      propertyPath: m_LocalPosition.x
      value: 6.7
      objectReference: {fileID: 0}
    - target: {fileID: 3878320461368058390, guid: e60a00d9c4c4a2b40bb2390d73a1036c,
        type: 3}
      propertyPath: m_LocalPosition.y
      value: 0.5
      objectReference: {fileID: 0}
    - target: {fileID: 3878320461368058390, guid: e60a00d9c4c4a2b40bb2390d73a1036c,
        type: 3}
      propertyPath: m_LocalPosition.z
      value: 0
      objectReference: {fileID: 0}
    - target: {fileID: 3878320461368058390, guid: e60a00d9c4c4a2b40bb2390d73a1036c,
        type: 3}
      propertyPath: m_LocalRotation.x
      value: -0
      objectReference: {fileID: 0}
    - target: {fileID: 3878320461368058390, guid: e60a00d9c4c4a2b40bb2390d73a1036c,
        type: 3}
      propertyPath: m_LocalRotation.y
      value: -0
      objectReference: {fileID: 0}
    - target: {fileID: 3878320461368058390, guid: e60a00d9c4c4a2b40bb2390d73a1036c,
        type: 3}
      propertyPath: m_LocalRotation.z
      value: -0.6060456
      objectReference: {fileID: 0}
    - target: {fileID: 3878320461368058390, guid: e60a00d9c4c4a2b40bb2390d73a1036c,
        type: 3}
      propertyPath: m_LocalRotation.w
      value: 0.7954299
      objectReference: {fileID: 0}
    - target: {fileID: 3878320461368058390, guid: e60a00d9c4c4a2b40bb2390d73a1036c,
        type: 3}
      propertyPath: m_RootOrder
      value: 2
      objectReference: {fileID: 0}
    - target: {fileID: 3878320461368058390, guid: e60a00d9c4c4a2b40bb2390d73a1036c,
        type: 3}
      propertyPath: m_LocalEulerAnglesHint.x
      value: 0
      objectReference: {fileID: 0}
    - target: {fileID: 3878320461368058390, guid: e60a00d9c4c4a2b40bb2390d73a1036c,
        type: 3}
      propertyPath: m_LocalEulerAnglesHint.y
      value: 0
      objectReference: {fileID: 0}
    - target: {fileID: 3878320461368058390, guid: e60a00d9c4c4a2b40bb2390d73a1036c,
        type: 3}
      propertyPath: m_LocalEulerAnglesHint.z
      value: -74.608
      objectReference: {fileID: 0}
    - target: {fileID: 3878320461368058390, guid: e60a00d9c4c4a2b40bb2390d73a1036c,
        type: 3}
      propertyPath: m_LocalScale.x
      value: 1.6025234
      objectReference: {fileID: 0}
    - target: {fileID: 3878320461368058390, guid: e60a00d9c4c4a2b40bb2390d73a1036c,
        type: 3}
      propertyPath: m_LocalScale.y
      value: 6.910443
      objectReference: {fileID: 0}
    - target: {fileID: 3878320461368058388, guid: e60a00d9c4c4a2b40bb2390d73a1036c,
        type: 3}
      propertyPath: m_Materials.Array.data[0]
      value: 
      objectReference: {fileID: 2100000, guid: df9509109a0cfcb4a95728b753336457, type: 2}
    m_RemovedComponents: []
  m_SourcePrefab: {fileID: 100100000, guid: e60a00d9c4c4a2b40bb2390d73a1036c, type: 3}
--- !u!1001 &1056274092204024135
PrefabInstance:
  m_ObjectHideFlags: 0
  serializedVersion: 2
  m_Modification:
    m_TransformParent: {fileID: 1675815690}
    m_Modifications:
    - target: {fileID: 3878320461368058386, guid: e60a00d9c4c4a2b40bb2390d73a1036c,
        type: 3}
      propertyPath: m_Name
      value: Obstacle
      objectReference: {fileID: 0}
    - target: {fileID: 3878320461368058390, guid: e60a00d9c4c4a2b40bb2390d73a1036c,
        type: 3}
      propertyPath: m_LocalPosition.x
      value: -7.21
      objectReference: {fileID: 0}
    - target: {fileID: 3878320461368058390, guid: e60a00d9c4c4a2b40bb2390d73a1036c,
        type: 3}
      propertyPath: m_LocalPosition.y
      value: 3.2
      objectReference: {fileID: 0}
    - target: {fileID: 3878320461368058390, guid: e60a00d9c4c4a2b40bb2390d73a1036c,
        type: 3}
      propertyPath: m_LocalPosition.z
      value: 0
      objectReference: {fileID: 0}
    - target: {fileID: 3878320461368058390, guid: e60a00d9c4c4a2b40bb2390d73a1036c,
        type: 3}
      propertyPath: m_LocalRotation.x
      value: -0
      objectReference: {fileID: 0}
    - target: {fileID: 3878320461368058390, guid: e60a00d9c4c4a2b40bb2390d73a1036c,
        type: 3}
      propertyPath: m_LocalRotation.y
      value: -0
      objectReference: {fileID: 0}
    - target: {fileID: 3878320461368058390, guid: e60a00d9c4c4a2b40bb2390d73a1036c,
        type: 3}
      propertyPath: m_LocalRotation.z
      value: -0
      objectReference: {fileID: 0}
    - target: {fileID: 3878320461368058390, guid: e60a00d9c4c4a2b40bb2390d73a1036c,
        type: 3}
      propertyPath: m_LocalRotation.w
      value: 1
      objectReference: {fileID: 0}
    - target: {fileID: 3878320461368058390, guid: e60a00d9c4c4a2b40bb2390d73a1036c,
        type: 3}
      propertyPath: m_RootOrder
      value: 0
      objectReference: {fileID: 0}
    - target: {fileID: 3878320461368058390, guid: e60a00d9c4c4a2b40bb2390d73a1036c,
        type: 3}
      propertyPath: m_LocalEulerAnglesHint.x
      value: 0
      objectReference: {fileID: 0}
    - target: {fileID: 3878320461368058390, guid: e60a00d9c4c4a2b40bb2390d73a1036c,
        type: 3}
      propertyPath: m_LocalEulerAnglesHint.y
      value: 0
      objectReference: {fileID: 0}
    - target: {fileID: 3878320461368058390, guid: e60a00d9c4c4a2b40bb2390d73a1036c,
        type: 3}
      propertyPath: m_LocalEulerAnglesHint.z
      value: 0
      objectReference: {fileID: 0}
    - target: {fileID: 3878320461368058390, guid: e60a00d9c4c4a2b40bb2390d73a1036c,
        type: 3}
      propertyPath: m_LocalScale.x
      value: 2.439016
      objectReference: {fileID: 0}
    - target: {fileID: 3878320461368058390, guid: e60a00d9c4c4a2b40bb2390d73a1036c,
        type: 3}
      propertyPath: m_LocalScale.y
      value: 6.910444
      objectReference: {fileID: 0}
    - target: {fileID: 3878320461368058388, guid: e60a00d9c4c4a2b40bb2390d73a1036c,
        type: 3}
      propertyPath: m_Materials.Array.data[0]
      value: 
      objectReference: {fileID: 2100000, guid: df9509109a0cfcb4a95728b753336457, type: 2}
    m_RemovedComponents: []
  m_SourcePrefab: {fileID: 100100000, guid: e60a00d9c4c4a2b40bb2390d73a1036c, type: 3}
--- !u!1001 &3122876278146275942
PrefabInstance:
  m_ObjectHideFlags: 0
  serializedVersion: 2
  m_Modification:
    m_TransformParent: {fileID: 0}
    m_Modifications:
    - target: {fileID: 3122876278023010071, guid: 4b36be14570998b47a865fc8bc7b63f6,
        type: 3}
      propertyPath: m_Name
      value: Main Camera
      objectReference: {fileID: 0}
    - target: {fileID: 3122876278023010066, guid: 4b36be14570998b47a865fc8bc7b63f6,
        type: 3}
      propertyPath: m_LocalPosition.x
      value: 16.54
      objectReference: {fileID: 0}
    - target: {fileID: 3122876278023010066, guid: 4b36be14570998b47a865fc8bc7b63f6,
        type: 3}
      propertyPath: m_LocalPosition.y
      value: 10.59
      objectReference: {fileID: 0}
    - target: {fileID: 3122876278023010066, guid: 4b36be14570998b47a865fc8bc7b63f6,
        type: 3}
      propertyPath: m_LocalPosition.z
      value: -21.19
      objectReference: {fileID: 0}
    - target: {fileID: 3122876278023010066, guid: 4b36be14570998b47a865fc8bc7b63f6,
        type: 3}
      propertyPath: m_LocalRotation.x
      value: 0.056034993
      objectReference: {fileID: 0}
    - target: {fileID: 3122876278023010066, guid: 4b36be14570998b47a865fc8bc7b63f6,
        type: 3}
      propertyPath: m_LocalRotation.y
      value: -0
      objectReference: {fileID: 0}
    - target: {fileID: 3122876278023010066, guid: 4b36be14570998b47a865fc8bc7b63f6,
        type: 3}
      propertyPath: m_LocalRotation.z
      value: -0
      objectReference: {fileID: 0}
    - target: {fileID: 3122876278023010066, guid: 4b36be14570998b47a865fc8bc7b63f6,
        type: 3}
      propertyPath: m_LocalRotation.w
      value: 0.9984289
      objectReference: {fileID: 0}
    - target: {fileID: 3122876278023010066, guid: 4b36be14570998b47a865fc8bc7b63f6,
        type: 3}
      propertyPath: m_RootOrder
      value: 0
      objectReference: {fileID: 0}
    - target: {fileID: 3122876278023010066, guid: 4b36be14570998b47a865fc8bc7b63f6,
        type: 3}
      propertyPath: m_LocalEulerAnglesHint.x
      value: 6.425
      objectReference: {fileID: 0}
    - target: {fileID: 3122876278023010066, guid: 4b36be14570998b47a865fc8bc7b63f6,
        type: 3}
      propertyPath: m_LocalEulerAnglesHint.y
      value: 0
      objectReference: {fileID: 0}
    - target: {fileID: 3122876278023010066, guid: 4b36be14570998b47a865fc8bc7b63f6,
        type: 3}
      propertyPath: m_LocalEulerAnglesHint.z
      value: 0
      objectReference: {fileID: 0}
    - target: {fileID: 2041633346, guid: 4b36be14570998b47a865fc8bc7b63f6, type: 3}
      propertyPath: target
      value: 
      objectReference: {fileID: 1471244702}
    m_RemovedComponents: []
  m_SourcePrefab: {fileID: 100100000, guid: 4b36be14570998b47a865fc8bc7b63f6, type: 3}
--- !u!1001 &4285786758863124935
PrefabInstance:
  m_ObjectHideFlags: 0
  serializedVersion: 2
  m_Modification:
    m_TransformParent: {fileID: 0}
    m_Modifications:
    - target: {fileID: 4285786759069567661, guid: a69bdef482aa7684281b9e6ebd88b624,
        type: 3}
      propertyPath: m_Name
      value: LaunchPad
      objectReference: {fileID: 0}
    - target: {fileID: 4285786759069567661, guid: a69bdef482aa7684281b9e6ebd88b624,
        type: 3}
      propertyPath: m_TagString
      value: Friendly
      objectReference: {fileID: 0}
    - target: {fileID: 4285786759069567657, guid: a69bdef482aa7684281b9e6ebd88b624,
        type: 3}
      propertyPath: m_LocalPosition.x
      value: 0.35
      objectReference: {fileID: 0}
    - target: {fileID: 4285786759069567657, guid: a69bdef482aa7684281b9e6ebd88b624,
        type: 3}
      propertyPath: m_LocalPosition.y
      value: 0.4
      objectReference: {fileID: 0}
    - target: {fileID: 4285786759069567657, guid: a69bdef482aa7684281b9e6ebd88b624,
        type: 3}
      propertyPath: m_LocalPosition.z
      value: 0
      objectReference: {fileID: 0}
    - target: {fileID: 4285786759069567657, guid: a69bdef482aa7684281b9e6ebd88b624,
        type: 3}
      propertyPath: m_LocalRotation.x
      value: 0
      objectReference: {fileID: 0}
    - target: {fileID: 4285786759069567657, guid: a69bdef482aa7684281b9e6ebd88b624,
        type: 3}
      propertyPath: m_LocalRotation.y
      value: 0
      objectReference: {fileID: 0}
    - target: {fileID: 4285786759069567657, guid: a69bdef482aa7684281b9e6ebd88b624,
        type: 3}
      propertyPath: m_LocalRotation.z
      value: 0
      objectReference: {fileID: 0}
    - target: {fileID: 4285786759069567657, guid: a69bdef482aa7684281b9e6ebd88b624,
        type: 3}
      propertyPath: m_LocalRotation.w
      value: 1
      objectReference: {fileID: 0}
    - target: {fileID: 4285786759069567657, guid: a69bdef482aa7684281b9e6ebd88b624,
        type: 3}
      propertyPath: m_RootOrder
      value: 3
      objectReference: {fileID: 0}
    - target: {fileID: 4285786759069567657, guid: a69bdef482aa7684281b9e6ebd88b624,
        type: 3}
      propertyPath: m_LocalEulerAnglesHint.x
      value: 0
      objectReference: {fileID: 0}
    - target: {fileID: 4285786759069567657, guid: a69bdef482aa7684281b9e6ebd88b624,
        type: 3}
      propertyPath: m_LocalEulerAnglesHint.y
      value: 0
      objectReference: {fileID: 0}
    - target: {fileID: 4285786759069567657, guid: a69bdef482aa7684281b9e6ebd88b624,
        type: 3}
      propertyPath: m_LocalEulerAnglesHint.z
      value: 0
      objectReference: {fileID: 0}
    - target: {fileID: 4285786759069567657, guid: a69bdef482aa7684281b9e6ebd88b624,
        type: 3}
      propertyPath: m_LocalScale.x
      value: 5.849069
      objectReference: {fileID: 0}
    - target: {fileID: 4285786759069567657, guid: a69bdef482aa7684281b9e6ebd88b624,
        type: 3}
      propertyPath: m_LocalScale.z
      value: 3.1146
      objectReference: {fileID: 0}
    - target: {fileID: 4285786759069567659, guid: a69bdef482aa7684281b9e6ebd88b624,
        type: 3}
      propertyPath: m_Enabled
      value: 1
      objectReference: {fileID: 0}
    - target: {fileID: 4285786759069567659, guid: a69bdef482aa7684281b9e6ebd88b624,
        type: 3}
      propertyPath: m_Materials.Array.data[0]
      value: 
      objectReference: {fileID: 2100000, guid: 7f81f77eb03f073489a6e9ed76acbff7, type: 2}
    m_RemovedComponents: []
  m_SourcePrefab: {fileID: 100100000, guid: a69bdef482aa7684281b9e6ebd88b624, type: 3}
--- !u!1001 &5073289034734190039
PrefabInstance:
  m_ObjectHideFlags: 0
  serializedVersion: 2
  m_Modification:
    m_TransformParent: {fileID: 0}
    m_Modifications:
    - target: {fileID: 5073289034791110404, guid: 244642953f6471747b319a7f697cfa31,
        type: 3}
      propertyPath: m_Name
      value: Terrain
      objectReference: {fileID: 0}
    - target: {fileID: 5073289034791110400, guid: 244642953f6471747b319a7f697cfa31,
        type: 3}
      propertyPath: m_LocalPosition.x
      value: 0
      objectReference: {fileID: 0}
    - target: {fileID: 5073289034791110400, guid: 244642953f6471747b319a7f697cfa31,
        type: 3}
      propertyPath: m_LocalPosition.y
      value: -15
      objectReference: {fileID: 0}
    - target: {fileID: 5073289034791110400, guid: 244642953f6471747b319a7f697cfa31,
        type: 3}
      propertyPath: m_LocalPosition.z
      value: 0
      objectReference: {fileID: 0}
    - target: {fileID: 5073289034791110400, guid: 244642953f6471747b319a7f697cfa31,
        type: 3}
      propertyPath: m_LocalRotation.x
      value: 0
      objectReference: {fileID: 0}
    - target: {fileID: 5073289034791110400, guid: 244642953f6471747b319a7f697cfa31,
        type: 3}
      propertyPath: m_LocalRotation.y
      value: 0
      objectReference: {fileID: 0}
    - target: {fileID: 5073289034791110400, guid: 244642953f6471747b319a7f697cfa31,
        type: 3}
      propertyPath: m_LocalRotation.z
      value: 0
      objectReference: {fileID: 0}
    - target: {fileID: 5073289034791110400, guid: 244642953f6471747b319a7f697cfa31,
        type: 3}
      propertyPath: m_LocalRotation.w
      value: 1
      objectReference: {fileID: 0}
    - target: {fileID: 5073289034791110400, guid: 244642953f6471747b319a7f697cfa31,
        type: 3}
      propertyPath: m_RootOrder
      value: 4
      objectReference: {fileID: 0}
    - target: {fileID: 5073289034791110400, guid: 244642953f6471747b319a7f697cfa31,
        type: 3}
      propertyPath: m_LocalEulerAnglesHint.x
      value: 0
      objectReference: {fileID: 0}
    - target: {fileID: 5073289034791110400, guid: 244642953f6471747b319a7f697cfa31,
        type: 3}
      propertyPath: m_LocalEulerAnglesHint.y
      value: 0
      objectReference: {fileID: 0}
    - target: {fileID: 5073289034791110400, guid: 244642953f6471747b319a7f697cfa31,
        type: 3}
      propertyPath: m_LocalEulerAnglesHint.z
      value: 0
      objectReference: {fileID: 0}
    - target: {fileID: 5073289034791110400, guid: 244642953f6471747b319a7f697cfa31,
        type: 3}
      propertyPath: m_LocalScale.z
      value: 75.6
      objectReference: {fileID: 0}
    m_RemovedComponents: []
  m_SourcePrefab: {fileID: 100100000, guid: 244642953f6471747b319a7f697cfa31, type: 3}
--- !u!1001 &6160187341488567889
PrefabInstance:
  m_ObjectHideFlags: 0
  serializedVersion: 2
  m_Modification:
    m_TransformParent: {fileID: 0}
    m_Modifications:
    - target: {fileID: 7224985123527434410, guid: cbeeb93885c9ec545b0bf9240719c189,
        type: 3}
      propertyPath: m_Name
      value: Finish
      objectReference: {fileID: 0}
    - target: {fileID: 7224985123527434414, guid: cbeeb93885c9ec545b0bf9240719c189,
        type: 3}
      propertyPath: m_LocalPosition.x
      value: 34.89
      objectReference: {fileID: 0}
    - target: {fileID: 7224985123527434414, guid: cbeeb93885c9ec545b0bf9240719c189,
        type: 3}
      propertyPath: m_LocalPosition.y
      value: 3.22
      objectReference: {fileID: 0}
    - target: {fileID: 7224985123527434414, guid: cbeeb93885c9ec545b0bf9240719c189,
        type: 3}
      propertyPath: m_LocalPosition.z
      value: 0
      objectReference: {fileID: 0}
    - target: {fileID: 7224985123527434414, guid: cbeeb93885c9ec545b0bf9240719c189,
        type: 3}
      propertyPath: m_LocalRotation.x
      value: 0
      objectReference: {fileID: 0}
    - target: {fileID: 7224985123527434414, guid: cbeeb93885c9ec545b0bf9240719c189,
        type: 3}
      propertyPath: m_LocalRotation.y
      value: 0
      objectReference: {fileID: 0}
    - target: {fileID: 7224985123527434414, guid: cbeeb93885c9ec545b0bf9240719c189,
        type: 3}
      propertyPath: m_LocalRotation.z
      value: 0
      objectReference: {fileID: 0}
    - target: {fileID: 7224985123527434414, guid: cbeeb93885c9ec545b0bf9240719c189,
        type: 3}
      propertyPath: m_LocalRotation.w
      value: 1
      objectReference: {fileID: 0}
    - target: {fileID: 7224985123527434414, guid: cbeeb93885c9ec545b0bf9240719c189,
        type: 3}
      propertyPath: m_RootOrder
      value: 5
      objectReference: {fileID: 0}
    - target: {fileID: 7224985123527434414, guid: cbeeb93885c9ec545b0bf9240719c189,
        type: 3}
      propertyPath: m_LocalEulerAnglesHint.x
      value: 0
      objectReference: {fileID: 0}
    - target: {fileID: 7224985123527434414, guid: cbeeb93885c9ec545b0bf9240719c189,
        type: 3}
      propertyPath: m_LocalEulerAnglesHint.y
      value: 0
      objectReference: {fileID: 0}
    - target: {fileID: 7224985123527434414, guid: cbeeb93885c9ec545b0bf9240719c189,
        type: 3}
      propertyPath: m_LocalEulerAnglesHint.z
      value: 0
      objectReference: {fileID: 0}
    - target: {fileID: 7224985123527434414, guid: cbeeb93885c9ec545b0bf9240719c189,
        type: 3}
      propertyPath: m_LocalScale.x
      value: 5.5117855
      objectReference: {fileID: 0}
    - target: {fileID: 7224985123527434414, guid: cbeeb93885c9ec545b0bf9240719c189,
        type: 3}
      propertyPath: m_LocalScale.y
      value: 0.92745143
      objectReference: {fileID: 0}
    - target: {fileID: 7224985123527434414, guid: cbeeb93885c9ec545b0bf9240719c189,
        type: 3}
      propertyPath: m_LocalScale.z
      value: 4.2375417
      objectReference: {fileID: 0}
    m_RemovedComponents: []
  m_SourcePrefab: {fileID: 100100000, guid: cbeeb93885c9ec545b0bf9240719c189, type: 3}
--- !u!1001 &6686724635847238122
PrefabInstance:
  m_ObjectHideFlags: 0
  serializedVersion: 2
  m_Modification:
    m_TransformParent: {fileID: 0}
    m_Modifications:
    - target: {fileID: 6686724635411223411, guid: 1078d28e6b464f5439a706c13918c0f2,
        type: 3}
      propertyPath: m_Name
      value: Directional Light
      objectReference: {fileID: 0}
    - target: {fileID: 6686724635411223411, guid: 1078d28e6b464f5439a706c13918c0f2,
        type: 3}
      propertyPath: m_IsActive
      value: 0
      objectReference: {fileID: 0}
    - target: {fileID: 6686724635411223408, guid: 1078d28e6b464f5439a706c13918c0f2,
        type: 3}
      propertyPath: m_BoundingSphereOverride.x
      value: 1.7860384e+25
      objectReference: {fileID: 0}
    - target: {fileID: 6686724635411223408, guid: 1078d28e6b464f5439a706c13918c0f2,
        type: 3}
      propertyPath: m_BoundingSphereOverride.y
      value: 4.5424965e+30
      objectReference: {fileID: 0}
    - target: {fileID: 6686724635411223408, guid: 1078d28e6b464f5439a706c13918c0f2,
        type: 3}
      propertyPath: m_BoundingSphereOverride.z
      value: 1.8523599e+28
      objectReference: {fileID: 0}
    - target: {fileID: 6686724635411223408, guid: 1078d28e6b464f5439a706c13918c0f2,
        type: 3}
      propertyPath: m_BoundingSphereOverride.w
      value: 1.5291174e+31
      objectReference: {fileID: 0}
    - target: {fileID: 6686724635411223409, guid: 1078d28e6b464f5439a706c13918c0f2,
        type: 3}
      propertyPath: m_LocalPosition.x
      value: 6.71
      objectReference: {fileID: 0}
    - target: {fileID: 6686724635411223409, guid: 1078d28e6b464f5439a706c13918c0f2,
        type: 3}
      propertyPath: m_LocalPosition.y
      value: 49.18
      objectReference: {fileID: 0}
    - target: {fileID: 6686724635411223409, guid: 1078d28e6b464f5439a706c13918c0f2,
        type: 3}
      propertyPath: m_LocalPosition.z
      value: -8.48
      objectReference: {fileID: 0}
    - target: {fileID: 6686724635411223409, guid: 1078d28e6b464f5439a706c13918c0f2,
        type: 3}
      propertyPath: m_LocalRotation.x
      value: 0.47424755
      objectReference: {fileID: 0}
    - target: {fileID: 6686724635411223409, guid: 1078d28e6b464f5439a706c13918c0f2,
        type: 3}
      propertyPath: m_LocalRotation.y
      value: -0.07076907
      objectReference: {fileID: 0}
    - target: {fileID: 6686724635411223409, guid: 1078d28e6b464f5439a706c13918c0f2,
        type: 3}
      propertyPath: m_LocalRotation.z
      value: 0.14314038
      objectReference: {fileID: 0}
    - target: {fileID: 6686724635411223409, guid: 1078d28e6b464f5439a706c13918c0f2,
        type: 3}
      propertyPath: m_LocalRotation.w
      value: 0.86578983
      objectReference: {fileID: 0}
    - target: {fileID: 6686724635411223409, guid: 1078d28e6b464f5439a706c13918c0f2,
        type: 3}
      propertyPath: m_RootOrder
      value: 2
      objectReference: {fileID: 0}
    - target: {fileID: 6686724635411223409, guid: 1078d28e6b464f5439a706c13918c0f2,
        type: 3}
      propertyPath: m_LocalEulerAnglesHint.x
      value: 57.294003
      objectReference: {fileID: 0}
    - target: {fileID: 6686724635411223409, guid: 1078d28e6b464f5439a706c13918c0f2,
        type: 3}
      propertyPath: m_LocalEulerAnglesHint.y
      value: 1.4030001
      objectReference: {fileID: 0}
    - target: {fileID: 6686724635411223409, guid: 1078d28e6b464f5439a706c13918c0f2,
        type: 3}
      propertyPath: m_LocalEulerAnglesHint.z
      value: 19.542002
      objectReference: {fileID: 0}
    m_RemovedComponents: []
  m_SourcePrefab: {fileID: 100100000, guid: 1078d28e6b464f5439a706c13918c0f2, type: 3}
--- !u!1001 &8433555951520742059
PrefabInstance:
  m_ObjectHideFlags: 0
  serializedVersion: 2
  m_Modification:
    m_TransformParent: {fileID: 0}
    m_Modifications:
    - target: {fileID: 8433555950581063246, guid: ef1edf5e73331614bb73767e8cb8ae6d,
        type: 3}
      propertyPath: m_Name
      value: Background
      objectReference: {fileID: 0}
    - target: {fileID: 8433555950581063234, guid: ef1edf5e73331614bb73767e8cb8ae6d,
        type: 3}
      propertyPath: m_LocalPosition.x
      value: 4.9567976
      objectReference: {fileID: 0}
    - target: {fileID: 8433555950581063234, guid: ef1edf5e73331614bb73767e8cb8ae6d,
        type: 3}
      propertyPath: m_LocalPosition.y
      value: 2.99
      objectReference: {fileID: 0}
    - target: {fileID: 8433555950581063234, guid: ef1edf5e73331614bb73767e8cb8ae6d,
        type: 3}
      propertyPath: m_LocalPosition.z
      value: 47.52
      objectReference: {fileID: 0}
    - target: {fileID: 8433555950581063234, guid: ef1edf5e73331614bb73767e8cb8ae6d,
        type: 3}
      propertyPath: m_LocalRotation.x
      value: 0
      objectReference: {fileID: 0}
    - target: {fileID: 8433555950581063234, guid: ef1edf5e73331614bb73767e8cb8ae6d,
        type: 3}
      propertyPath: m_LocalRotation.y
      value: 0
      objectReference: {fileID: 0}
    - target: {fileID: 8433555950581063234, guid: ef1edf5e73331614bb73767e8cb8ae6d,
        type: 3}
      propertyPath: m_LocalRotation.z
      value: 0
      objectReference: {fileID: 0}
    - target: {fileID: 8433555950581063234, guid: ef1edf5e73331614bb73767e8cb8ae6d,
        type: 3}
      propertyPath: m_LocalRotation.w
      value: 1
      objectReference: {fileID: 0}
    - target: {fileID: 8433555950581063234, guid: ef1edf5e73331614bb73767e8cb8ae6d,
        type: 3}
      propertyPath: m_RootOrder
      value: 6
      objectReference: {fileID: 0}
    - target: {fileID: 8433555950581063234, guid: ef1edf5e73331614bb73767e8cb8ae6d,
        type: 3}
      propertyPath: m_LocalEulerAnglesHint.x
      value: 0
      objectReference: {fileID: 0}
    - target: {fileID: 8433555950581063234, guid: ef1edf5e73331614bb73767e8cb8ae6d,
        type: 3}
      propertyPath: m_LocalEulerAnglesHint.y
      value: 0
      objectReference: {fileID: 0}
    - target: {fileID: 8433555950581063234, guid: ef1edf5e73331614bb73767e8cb8ae6d,
        type: 3}
      propertyPath: m_LocalEulerAnglesHint.z
      value: 0
      objectReference: {fileID: 0}
    m_RemovedComponents: []
  m_SourcePrefab: {fileID: 100100000, guid: ef1edf5e73331614bb73767e8cb8ae6d, type: 3}
